@article{ber95,
  title={Analysis of fracture network connectivity using percolation theory},
  author={Berkowitz, Brian},
  journal={Mathematical Geology},
  volume={27},
  number={4},
  pages={467--483},
  year={1995},
  publisher={Springer}
}

@misc{geh16,
  title={Boost geometry library},
  author={Gehrels, Barend and Lalande, Bruno and Loskot, Mateusz and Wulkiewicz, A},
  year={2016}
}

@article{san16,
  title={Armadillo: a template-based C++ library for linear algebra},
  author={Sanderson, Conrad and Curtin, Ryan},
  journal={Journal of Open Source Software},
  volume={1},
  number={2},
  pages={26},
  year={2016},
  publisher={Journal of Open Source Software}
}

@article{san18,
  title={Graph theory and the analysis of fracture networks},
  author={Sanderson, David J and Peacock, David CP and Nixon, Casey W and Rotevatn, Atle},
  journal={Journal of Structural Geology},
  year={2018},
  publisher={Elsevier}
}

@book{sie02,
  title={The boost graph library: user guide and reference manual},
  author={Siek, Jeremy and Lumsdaine, Andrew and Lee, Lie-Quan},
  year={2002},
  publisher={Addison-Wesley}
}

 @Manual{gdal18,
    title = {{GDAL/OGR} Geospatial Data Abstraction software Library},
    author = {{GDAL/OGR contributors}},
    organization = {Open Source Geospatial Foundation},
    year = {2018},
    url = {http://gdal.org},
}