@article{Abbasi2020,
  title={Fluid flow in fractured reservoirs: Estimation of fracture intensity distribution, capillary diffusion coefficient and shape factor from saturation data},
  author={Abbasi, Mahdi and Sharifi, Mohammad and Kazemi, Alireza},
  journal={Journal of Hydrology},
  volume={582},
  pages={124461},
  year={2020},
  publisher={Elsevier}
}

@article{Andresen2013,
  title={Topology of fracture networks},
  author={Andresen, Christian Andr{\'e} and Hansen, Alex and Le Goc, Romain and Davy, Philippe and Hope, Sigmund Mongstad},
  journal={Frontiers in Physics},
  volume={1},
  pages={7},
  year={2013},
  publisher={Frontiers}
}

@incollection{Barton1995,
  title={Fractal analysis of scaling and spatial clustering of fractures},
  author={Barton, Christopher C},
  booktitle={Fractals in the earth sciences},
  pages={141--178},
  year={1995},
  publisher={Springer}
}

@article{Bauer2017,
  title={Predictability of properties of a fractured geothermal reservoir: the opportunities and limitations of an outcrop analogue study},
  author={Bauer, Johanna F and Krumbholz, Michael and Meier, Silke and Tanner, David C},
  journal={Geothermal Energy},
  volume={5},
  number={1},
  pages={1--27},
  year={2017},
  publisher={SpringerOpen}
}

@article{Berkowitz1995,
  title={Analysis of fracture network connectivity using percolation theory},
  author={Berkowitz, Brian},
  journal={Mathematical Geology},
  volume={27},
  number={4},
  pages={467--483},
  year={1995},
  publisher={Springer}
}

@article{berkowitz2000scaling,
  title={Scaling of fracture connectivity in geological formations},
  author={Berkowitz, Brian and Bour, Olivier and Davy, Philippe and Odling, Noelle},
  journal={Geophysical Research Letters},
  volume={27},
  number={14},
  pages={2061--2064},
  year={2000},
  publisher={Wiley Online Library}
}

@article{Bridwell1975,
  title={Sinuosity of strike-slip fault traces},
  author={Bridwell, RJ},
  journal={Geology},
  volume={3},
  number={11},
  pages={630--632},
  year={1975},
  publisher={Geological Society of America}
}

@article{Bonnet2001,
  title={Scaling of fracture systems in geological media},
  author={Bonnet, Eric and Bour, Olivier and Odling, Noelle E and Davy, Philippe and Main, Ian and Cowie, Patience and Berkowitz, Brian},
  journal={Reviews of geophysics},
  volume={39},
  number={3},
  pages={347--383},
  year={2001},
  publisher={Wiley Online Library}
}

@article{Bour1997,
  title={Connectivity of random fault networks following a power law fault length distribution},
  author={Bour, Olivier and Davy, Philippe},
  journal={Water Resources Research},
  volume={33},
  number={7},
  pages={1567--1583},
  year={1997},
  publisher={Wiley Online Library}
}

@article{Bour1999,
  title={Clustering and size distributions of fault patterns: Theory and measurements},
  author={Bour, Olivier and Davy, Philippe},
  journal={Geophysical Research Letters},
  volume={26},
  number={13},
  pages={2001--2004},
  year={1999},
  publisher={Wiley Online Library}
}

@article{Clauset2009,
  title={Power-law distributions in empirical data},
  author={Clauset, Aaron and Shalizi, Cosma Rohilla and Newman, Mark EJ},
  journal={SIAM review},
  volume={51},
  number={4},
  pages={661--703},
  year={2009},
  publisher={SIAM}
}

@article{Dagum1998,
    Author = {Dagum, Leonardo and Menon, Ramesh},
    Date-Added = {2014-07-24 11:13:01 +0000},
    Date-Modified = {2014-07-24 11:13:01 +0000},
    Journal = {Computational Science \& Engineering, IEEE},
    Number = {1},
    Pages = {46--55},
    Publisher = {IEEE},
    Title = {OpenMP: an industry standard API for shared-memory programming},
    Volume = {5},
    Year = {1998}
}

@article{Darcel2003,
  title={Connectivity properties of two-dimensional fracture networks with stochastic fractal correlation},
  author={Darcel, Caroline and Bour, O and Davy, P and De Dreuzy, JR},
  journal={Water resources research},
  volume={39},
  number={10},
  year={2003},
  publisher={Wiley Online Library}
}

@article{Davy2010,
  title={A likely universal model of fracture scaling and its consequence for crustal hydromechanics},
  author={Davy, Philippe and Le Goc, Romain and Darcel, Caroline and Bour, Olivier and de Dreuzy, Jean-Raynald and Munier, R},
  journal={Journal of Geophysical Research: Solid Earth},
  volume={115},
  number={B10},
  year={2010},
  publisher={Wiley Online Library}
}

@article{DeSouza2011,
  title={A fast MATLAB program to estimate the multifractal spectrum of multidimensional data: Application to fractures},
  author={De Souza, Jeferson and Rostirolla, Sidnei Pires},
  journal={Computers \& Geosciences},
  volume={37},
  number={2},
  pages={241--249},
  year={2011},
  publisher={Elsevier}
}

@article{Dimmen2017,
  title={Quantifying structural controls on fluid flow: Insights from carbonate-hosted fault damage zones on the Maltese Islands},
  author={Dimmen, Vilde and Rotevatn, Atle and Peacock, David CP and Nixon, Casey W and N{\ae}rland, Kari},
  journal={Journal of Structural Geology},
  volume={101},
  pages={43--57},
  year={2017},
  publisher={Elsevier}
}

@article{Faulkner2010,
  title={A review of recent developments concerning the structure, mechanics and fluid flow properties of fault zones},
  author={Faulkner, DR and Jackson, CAL and Lunn, RJ and Schlische, RW and Shipton, ZK and Wibberley, CAJ and Withjack, MO},
  journal={Journal of Structural Geology},
  volume={32},
  number={11},
  pages={1557--1575},
  year={2010},
  publisher={Elsevier}
}

@article{Floater2007,
  title={Barycentric rational interpolation with no poles and high rates of approximation},
  author={Floater, Michael S and Hormann, Kai},
  journal={Numerische Mathematik},
  volume={107},
  number={2},
  pages={315--331},
  year={2007},
  publisher={Springer}
}

@misc{Fracman2011,
  title={FracMan7 User Documentation},
  publisher={Golder Associate Inc. Seattle (USA)},
  year={2011}
}

@article{Gdal2018,
  title={GDAL/OGR geospatial data abstraction software library},
  author={GDAL/OGR Contributors},
  journal={Open Source Geospatial Foundation},
  year={2018}
}

@article{Geuzaine2009,
  title={Gmsh: a three-dimensional finite element mesh generator with built-in pre- and post-processing facilities.},
  author={Geuzaine, C and  Remacle, J-F },
  journal={ International Journal for Numerical Methods in Engineering},
  volume={79},
  number={11},
  pages={1309--1331},
  year={2009}
}

@misc{Gehrels2016,
  title={Boost geometry library},
  author={Gehrels, Barend and Lalande, Bruno and Loskot, Mateusz and Wulkiewicz, A},
  year={2016}
}

@book{Gough2009,
  title={GNU scientific library reference manual},
  author={Gough, Brian},
  year={2009},
  publisher={Network Theory Ltd.}
}

@article{Gudmundsson2000,
  title={Active fault zones and groundwater flow},
  author={Gudmundsson, Agust},
  journal={Geophysical Research Letters},
  volume={27},
  number={18},
  pages={2993--2996},
  year={2000},
  publisher={Wiley Online Library}
}

@article{Gudmundsson2013,
  title={Length--displacement scaling and fault growth},
  author={Gudmundsson, Agust and De Guidi, Giorgio and Scudero, Salvatore},
  journal={Tectonophysics},
  volume={608},
  pages={1298--1309},
  year={2013},
  publisher={Elsevier}
}

@article{Hardebol2013,
  title={DigiFract: A software and data model implementation for flexible acquisition and processing of fracture data from outcrops},
  author={Hardebol, NJ and Bertotti, G},
  journal={Computers \& Geosciences},
  volume={54},
  pages={326--336},
  year={2013},
  publisher={Elsevier}
}

@article{Healy2017,
	title = "FracPaQ: A MATLABâ„¢ toolbox for the quantification of fracture patterns",
	journal = "Journal of Structural Geology",
	volume = "95",
	pages = "1 - 16",
	year = "2017",
	issn = "0191-8141",
	doi = "https://doi.org/10.1016/j.jsg.2016.12.003",
	url = "http://www.sciencedirect.com/science/article/pii/S0191814116302073",
	author = "David Healy and Roberto E. Rizzo and David G. Cornwell and Natalie J.C. Farrell and Hannah Watkins and Nick E. Timms and Enrique Gomez-Rivas and Michael Smith"
}

@article{Huseby1997,
  title={Geometry and topology of fracture systems},
  author={Huseby, O and Thovert, JF and Adler, PM},
  journal={Journal of Physics A: Mathematical and General},
  volume={30},
  number={5},
  pages={1415},
  year={1997},
  publisher={IOP Publishing}
}

@article{Idziak1996,
  title={Fractal dimension of faults network in the upper Silesian coal basin (Poland): Preliminary studies},
  author={Idziak, Adam and Teper, Les{\l}aw},
  journal={pure and applied geophysics},
  volume={147},
  number={2},
  pages={239--247},
  year={1996},
  publisher={Springer}
}

@article{Khamforoush2007,
  title={Percolation thresholds of a group of anisotropic three-dimensional fracture networks},
  author={Khamforoush, M and Shams, K},
  journal={Physica A: Statistical Mechanics and its Applications},
  volume={385},
  number={2},
  pages={407--420},
  year={2007},
  publisher={Elsevier}
}

@article{Kincaid2011,
  title={Network topology measures},
  author={Kincaid, Rex K and Phillips, David J},
  journal={Wiley Interdisciplinary Reviews: Computational Statistics},
  volume={3},
  number={6},
  pages={557--565},
  year={2011},
  publisher={Wiley Online Library}
}

@article{Kong2019,
  title={Effect of fracture heterogeneity on rock mass stability in a highly heterogeneous underground roadway},
  author={Kong, Peng and Jiang, Lishuai and Shu, Jiaming and Sainoki, Atsushi and Wang, Qingbiao},
  journal={Rock Mechanics and Rock Engineering},
  volume={52},
  number={11},
  pages={4547--4564},
  year={2019},
  publisher={Springer}
}

@article{Laubach2018,
  title={Spatial arrangement of faults and opening-mode fractures},
  author={Laubach, Stephen E and Lamarche, Juliette and Gauthier, Bertand DM and Dunne, William M and Sanderson, David J},
  journal={Journal of Structural Geology},
  volume={108},
  pages={2--15},
  year={2018},
  publisher={Elsevier}
}

@article{Laubach2018b,
  title={Spatial arrangement and size distribution of normal faults, Buckskin Detachment upper plate, Western Arizona},
  author={Laubach, SE and Hundley, TH and Hooker, JN and Marrett, RA},
  journal={Journal of Structural Geology},
  volume={108},
  pages={230--242},
  year={2018},
  publisher={Elsevier}
}

@article{Lei2018,
  title={Correlation between fracture network properties and stress variability in geological media},
  author={Lei, Qinghua and Gao, Ke},
  journal={Geophysical Research Letters},
  volume={45},
  number={9},
  pages={3994--4006},
  year={2018},
  publisher={Wiley Online Library}
}

@article{Liu2017,
  title={Recent developments on relationships between the equivalent permeability and fractal dimension of two-dimensional rock fracture networks},
  author={Liu, Richeng and Yu, Liyuan and Jiang, Yujing and Wang, Yingchao and Li, Bo},
  journal={Journal of Natural Gas Science and Engineering},
  volume={45},
  pages={771--785},
  year={2017},
  publisher={Elsevier}
}

@article{Lopez1995,
  title={Fluid flow in fault zones: analysis of the interplay of convective circulation and topographically driven groundwater flow},
  author={L{\'o}pez, Dina L and Smith, Leslie},
  journal={Water resources research},
  volume={31},
  number={6},
  pages={1489--1503},
  year={1995},
  publisher={Wiley Online Library}
}

@article{Maerten2016,
  title={Geomechanical paleostress inversion using fracture data},
  author={Maerten, Laurent and Maerten, Frantz and Lejri, Mostfa and Gillespie, Paul},
  journal={Journal of structural Geology},
  volume={89},
  pages={197--213},
  year={2016},
  publisher={Elsevier}
}

@article{Mandelbrot1985,
  title={Self-affine fractals and fractal dimension},
  author={Mandelbrot, Benoit B},
  journal={Physica scripta},
  volume={32},
  number={4},
  pages={257},
  year={1985},
  publisher={IOP Publishing}
}

@article{Matthai2004,
  title={Fluid flow partitioning between fractures and a permeable rock matrix},
  author={Matth{\"a}i, Stephan K and Belayneh, Mandefro},
  journal={Geophysical Research Letters},
  volume={31},
  number={7},
  year={2004},
  publisher={Wiley Online Library}
}

@article{Manzocchi2002,
  title={The connectivity of two-dimensional networks of spatially correlated fractures},
  author={Manzocchi, Tom},
  journal={Water Resources Research},
  volume={38},
  number={9},
  pages={1--1},
  year={2002},
  publisher={Wiley Online Library}
}

@article{Mayrhofer2019,
  title={Universal and Nonuniversal Aperture-to-Length Scaling of Opening Mode Fractures Developing in a Particle-Based Lattice Solid Model},
  author={Mayrhofer, Franziska and Sch{\"o}pfer, Martin PJ and Grasemann, Bernhard},
  journal={Journal of Geophysical Research: Solid Earth},
  volume={124},
  number={3},
  pages={3197--3218},
  year={2019},
  publisher={Wiley Online Library}
}


@article{Miyoshi2018,
  title={Influence of data analysis when exploiting DFN model representation in the application of rock mass classification systems},
  author={Miyoshi, Takako and Elmo, Davide and Rogers, Steve},
  journal={Journal of Rock Mechanics and Geotechnical Engineering},
  volume={10},
  number={6},
  pages={1046--1062},
  year={2018},
  publisher={Elsevier}
}

@article{Morley2016,
  title={Topological characteristics of simple and complex normal fault networks},
  author={Morley, CK and Nixon, CW},
  journal={Journal of Structural Geology},
  volume={84},
  pages={68--84},
  year={2016},
  publisher={Elsevier}
}

@article{Nyberg2018,
  title={NetworkGT: A GIS tool for geometric and topological analysis of two-dimensional fracture networks},
  author={Nyberg, Bj{\"o}rn and Nixon, Casey W and Sanderson, David J},
  journal={Geosphere},
  volume={14},
  number={4},
  pages={1618--1634},
  year={2018},
  publisher={GeoScienceWorld}
}

@incollection{Partsinevelou2011,
  title={Fracture pattern description and analysis of the hard rock hydrogeological environment in Naxos Island, Hellas},
  author={Partsinevelou, AS and Lozios, S and Stournaras, G},
  booktitle={Advances in the Research of Aquatic Environment},
  pages={45--52},
  year={2011},
  publisher={Springer}
}

@article{Olson2009,
  title={Natural fracture characterization in tight gas sandstones: Integrating mechanics and diagenesis},
  author={Olson, Jon E and Laubach, Stephen E and Lander, Robert H},
  journal={AAPG bulletin},
  volume={93},
  number={11},
  pages={1535--1549},
  year={2009},
  publisher={American Association of Petroleum Geologists (AAPG)}
}

@article{Peacock2016,
  title={Glossary of fault and other fracture networks},
  author={Peacock, DCP and Nixon, CW and Rotevatn, A and Sanderson, DJ and Zuluaga, LF},
  journal={Journal of Structural Geology},
  volume={92},
  pages={12--29},
  year={2016},
  publisher={Elsevier}
}

@article{Peacock2017,
  title={A broader classification of damage zones},
  author={Peacock, DCP and Dimmen, V and Rotevatn, A and Sanderson, DJ},
  journal={Journal of Structural Geology},
  volume={102},
  pages={179--192},
  year={2017},
  publisher={Elsevier}
}

@article{Poulet2021,
	title = {Dynamic modelling of overprinted low-permeability fault cores and surrounding damage zones as lower 		dimensional interfaces for multiphysics simulations},
	journal = {Computers \& Geosciences},
	volume = {150},
	pages = {104719},
	year = {2021},
	issn = {0098-3004},
	author = {Thomas Poulet and Martin Lesueur and Ulrich Kelka}
}

@book{Reeves2012,
  title={Hydrogeologic characterization of fractured rock masses intended for disposal of radioactive waste},
  author={Reeves, Donald M and Parashar, Rishi and Zhang, Yong and Rahman, RA},
  year={2012},
  publisher={INTECH Open Access Publisher}
}

@article{Renard2013,
  title={Connectivity metrics for subsurface flow and transport},
  author={Renard, Philippe and Allard, Denis},
  journal={Advances in Water Resources},
  volume={51},
  pages={168--196},
  year={2013},
  publisher={Elsevier}
}

@article{Renshaw1997,
  title={Effect of mechanical interactions on the scaling of fracture length and aperture},
  author={Renshaw, CE and Park, JC},
  journal={Nature},
  volume={386},
  number={6624},
  pages={482--484},
  year={1997},
  publisher={Nature Publishing Group}
}

@article{Rizzo2017,
  title={Benefits of maximum likelihood estimators for fracture attribute analysis: Implications for permeability and up-scaling},
  author={Rizzo, Roberto Emanuele and Healy, David and De Siena, Luca},
  journal={Journal of Structural Geology},
  volume={95},
  pages={17--31},
  year={2017},
  publisher={Elsevier}
}

@article{Rohrbaugh2002,
  title={Estimating fracture trace intensity, density, and mean length using circular scan lines and windows},
  author={Rohrbaugh Jr, MB and Dunne, WM and Mauldon, M},
  journal={AAPG bulletin},
  volume={86},
  number={12},
  pages={2089--2104},
  year={2002},
  publisher={American Association of Petroleum Geologists (AAPG)}
}

@article{Roy2007,
  title={Fractal characterization of fracture networks: An improved box-counting technique},
  author={Roy, Ankur and Perfect, Edmund and Dunne, William M and McKay, Larry D},
  journal={Journal of Geophysical Research: Solid Earth},
  volume={112},
  number={B12},
  year={2007},
  publisher={Wiley Online Library}
}

@article{Sanderson2015,
  title={The use of topology in fracture network characterization},
  author={Sanderson, David J and Nixon, Casey W},
  journal={Journal of Structural Geology},
  volume={72},
  pages={55--66},
  year={2015},
  publisher={Elsevier}
}

@article{Sanderson2018,
  title={Topology, connectivity and percolation in fracture networks},
  author={Sanderson, David J and Nixon, Casey W},
  journal={Journal of Structural Geology},
  volume={115},
  pages={167--177},
  year={2018},
  publisher={Elsevier}
}

@article{sanderson2019,
  title={Graph theory and the analysis of fracture networks},
  author={Sanderson, David J and Peacock, David CP and Nixon, Casey W and Rotevatn, Atle},
  journal={Journal of Structural Geology},
  volume={125},
  pages={155--165},
  year={2019},
  publisher={Elsevier}
}

@article{Sanderson2019b,
  title={Line sampling of fracture swarms and corridors},
  author={Sanderson, David J and Peacock, David CP},
  journal={Journal of Structural Geology},
  volume={122},
  pages={27--37},
  year={2019},
  publisher={Elsevier}
}

@inproceedings{Sanderson2017,
  title={An open source C++ implementation of multi-threaded Gaussian mixture models, k-means and expectation maximisation},
  author={Sanderson, Conrad and Curtin, Ryan},
  booktitle={2017 11th International Conference on Signal Processing and Communication Systems (ICSPCS)},
  pages={1--8},
  year={2017},
  organization={IEEE}
}

@book{Siek2001,
  title={The boost graph library: User guide and reference manual, portable documents},
  author={Siek, Jeremy G and Lee, Lie-Quan and Lumsdaine, Andrew},
  year={2001},
  publisher={Pearson Education}
}

@article{Scholz1986,
  title={The fractal geometry of faults and faulting},
  author={Scholz, Ch H and Aviles, CA},
  journal={Earthquake source mechanics},
  volume={37},
  pages={147--155},
  year={1986},
  publisher={American Geophysical Union Monograph}
}

@article{Sisavath2004,
  title={Geometry, percolation and transport properties of fracture networks derived from line data},
  author={Sisavath, S and Mourzenko, V and Genthon, P and Thovert, J-F and Adler, PM},
  journal={Geophysical Journal International},
  volume={157},
  number={2},
  pages={917--934},
  year={2004},
  publisher={Blackwell Publishing Ltd Oxford, UK}
}

@article{Soliva2006,
  title={Spacing and linkage of confined normal faults: importance of mechanical thickness},
  author={Soliva, Roger and Benedicto, Antonio and Maerten, Laurent},
  journal={Journal of Geophysical Research: Solid Earth},
  volume={111},
  number={B1},
  year={2006},
  publisher={Wiley Online Library}
}

@article{Sutherland2012,
    author = {Sutherland, R. and Toy, V.G. and Townend, J. and Cox, S.C. and Eccles, J.D. and Faulkner, D.R. and Prior, D.J. and Norris, R.J. and Mariani, E. and Boulton, C. and Carpenter, B.M. and Menzies, C.D. and Little, T.A. and Hasting, M. and De Pascale, G.P. and Langridge, R.M. and Scott, H.R. and Lindroos, Z. Reid and Fleming, B. and Kopf, A.J.},
    title = "{Drilling reveals fluid control on architecture and rupture of the Alpine fault, New Zealand}",
    journal = {Geology},
    volume = {40},
    number = {12},
    pages = {1143-1146},
    year = {2012},
    month = {12},
    issn = {0091-7613},
    doi = {10.1130/G33614.1},
    url = {https://doi.org/10.1130/G33614.1},
    eprint = {https://pubs.geoscienceworld.org/geology/article-pdf/40/12/1143/3543987/1143.pdf},
}

@article{Tsang2015,
  title={Hydrologic issues associated with nuclear waste repositories},
  author={Tsang, Chin-Fu and Neretnieks, Ivars and Tsang, Yvonne},
  journal={Water Resources Research},
  volume={51},
  number={9},
  pages={6923--6972},
  year={2015},
  publisher={Wiley Online Library}
}

@article{vonHagke2019,
  title={The effect of obliquity of slip in normal faults on distribution of open fractures},
  author={Von Hagke, Christoph and Kettermann, Michael and Bitsch, Nicolai and B{\"u}cken, Daniel and Weism{\"u}ller, Christopher and Urai, Janos L},
  journal={Frontiers in Earth Science},
  volume={7},
  pages={18},
  year={2019},
  publisher={Frontiers}
}

@article{Walsh1993,
  title={Fractal analysis of fracture patterns using the standard box-counting technique: valid and invalid methodologies},
  author={Walsh, JJ and Watterson, J},
  journal={Journal of structural Geology},
  volume={15},
  number={12},
  pages={1509--1512},
  year={1993},
  publisher={Pergamon}
}

@article{Wang2017,
  title={Effect of a fault fracture zone on the stability of tunnel-surrounding rock},
  author={Wang, Yingchao and Jing, Hongwen and Su, Haijian and Xie, Jiangyue},
  journal={International Journal of Geomechanics},
  volume={17},
  number={6},
  pages={04016135},
  year={2017},
  publisher={American Society of Civil Engineers}
}

@article{Wang2018,
  title={Strata behaviors and rock burst--inducing mechanism under the coupling effect of a hard, thick stratum and a normal fault},
  author={Wang, Pu and Jiang, Lishuai and Jiang, Jinquan and Zheng, Pengqiang and Li, Wei},
  journal={International Journal of Geomechanics},
  volume={18},
  number={2},
  pages={04017135},
  year={2018},
  publisher={American Society of Civil Engineers}
}

@article{Watkins2015,
  title={Appraisal of fracture sampling methods and a new workflow to characterise heterogeneous fracture networks at outcrop},
  author={Watkins, Hannah and Bond, Clare E and Healy, Dave and Butler, Robert WH},
  journal={Journal of Structural Geology},
  volume={72},
  pages={67--82},
  year={2015},
  publisher={Elsevier}
}

@article{Wilson2000,
  title={Some distinctions between self-similar and self-affine estimates of fractal dimension with case history},
  author={Wilson, Thomas H},
  journal={Mathematical geology},
  volume={32},
  number={3},
  pages={319--335},
  year={2000},
  publisher={Springer}
}

@article{Wilson2001,
  title={Scale transitions in fracture and active fault networks},
  author={Wilson, Thomas H},
  journal={Mathematical Geology},
  volume={33},
  number={5},
  pages={591--613},
  year={2001},
  publisher={Springer}
}

@article{Yang2020fault,
  title={Fault spacing in continental strike-slip shear zones},
  author={Yang, Haibin and Moresi, Louis N and Quigley, Mark},
  journal={Earth and Planetary Science Letters},
  volume={530},
  pages={115906},
  year={2020},
  publisher={Elsevier}
}

@article{Zeeb2013,
  title={Evaluation of sampling methods for fracture network characterization using outcrops},
  author={Zeeb, Conny and Gomez-Rivas, Enrique and Bons, Paul D and Blum, Philipp},
  journal={AAPG bulletin},
  volume={97},
  number={9},
  pages={1545--1566},
  year={2013}
}

@article{Zuza2017,
  title={Spacing and strength of active continental strike-slip faults},
  author={Zuza, Andrew V and Yin, An and Lin, Jessica and Sun, Ming},
  journal={Earth and Planetary Science Letters},
  volume={457},
  pages={49--62},
  year={2017},
  publisher={Elsevier}
}








